\bibitem{amazon} Kawamoto, Dawn. {``Amazon.com IPO skyrockets"} {\em CNET} 16 May 1997, \url{http://www.cnet.com/au/news/amazon-com-ipo-skyrockets/}

\bibitem{uber} Buhr, Sarah. {``Uber takes its most significant investment yet at \$3.5 billion from Saudi Arabia"} {\em TechCrunch} 1 Jun. 2016, \url{https://techcrunch.com/2016/06/01/uber-takes-its-most-significant-investment-yet-at-3-5-billion-from-saudi-arabia/}

\bibitem{spiegel2013} Spiegel, Olav, et al. {``Going it all alone in web entrepreneurship? A comparison of single founders vs. co-founders."} {\em Proceedings of the 2013 annual conference on Computers and people research}. ACM, 2013.

\bibitem{hongjiu2007} Hongjiu, Liu, Chen Huimin, and Hu Yanrong. {``Financial characteristics and prediction on targets of M\&A based on SOM-Hopfield neural network."} {\em 2007 IEEE International Conference on Industrial Engineering and Engineering Management}. IEEE, 2007.

\bibitem{shi2014} Shi, Zhan, Gene Moo Lee, and Andrew B. Whinston. {``Towards a better measure of business proximity: topic modeling for analyzing M\&As."} {\em Proceedings of the fifteenth ACM conference on Economics and computation}. ACM, 2014.

\bibitem{yuxian2013} Yuxian, Eugene Liang, and Soe-Tsyr Daphne Yuan. {``Investors Are Social Animals: Predicting Investor Behaviour using Social Network Features via Supervised Learning Approach."}. 2013.

\bibitem{scikitlearn} Pedregosa, Fabian, et al. {``Scikit-learn: Machine learning in Python."} {\em Journal of Machine Learning Research}. 2011.

@misc{nvca2016,
  author =        {{Buyouts Insider}},
  editor =        {National Venture Capital Association},
  howpublished =  {\url{http://www.nvca.org/?ddownload=2963}},
  month =         {March},
  note =          {Online; accessed 06 Nov 2016},
  publisher =     {Thomson Reuters},
  title =         {2016 National Venture Capital Association Yearbook},
  year =          {2016},
}

@article{wies2015,
  author =        {Wies, Simone and Moorman, Christine},
  journal =       {Journal of Marketing Research},
  number =        {5},
  pages =         {694--709},
  publisher =     {American Marketing Association},
  title =         {Going public: how stock market listing changes firm
                   innovation behavior},
  volume =        {52},
  year =          {2015},
}

@misc{microsoft,
  author =        {McNamara, Paul},
  editor =        {Network World},
  howpublished =
  {\url{http://www.networkworld.com/article/2228727/data-center/data-center-if-you-had-bought-100-shares-of-microsoft-25-years-ago.html}},
  month =         {March},
  note =          {Online; accessed 06 Nov 2016},
  title =         {If you had bought 100 shares of Microsoft 25 years
                   ago ...},
  year =          {2011},
}

@misc{facebook,
  author =        {Raice, Shayndi and Das, Anupreeta and Letzing, John},
  editor =        {The Wall Street Journal},
  howpublished =
  {\url{http://www.wsj.com/articles/SB10001424052702303448404577409923406193162}},
  month =         {May},
  note =          {Online; accessed 06 Nov 2016},
  title =         {Facebook prices IPO at record value},
  year =          {2012},
}

@inproceedings{wei2008,
  author =        {Wei, Chih-Ping and Jiang, Yu-Syun and
                   Yang, Chin-Sheng},
  booktitle =     {Workshop on E-Business},
  organization =  {Springer},
  pages =         {187--200},
  title =         {Patent analysis for supporting merger and acquisition
                   (M\&A) prediction: A data mining approach},
  year =          {2008},
}

@inproceedings{xiang2012,
  author =        {Xiang, Guang and Zheng, Zeyu and Wen, Miaomiao and
                   Hong, Jason I and Ros{\'e}, Carolyn Penstein and
                   Liu, Chao},
  booktitle =     {Proceedings of the Sixth International AAAI
                   Conference on Weblogs and Social Media},
  organization =  {AAAI},
  title =         {A Supervised Approach to Predict Company Acquisition
                   with Factual and Topic Features Using Profiles and
                   News Articles on TechCrunch.},
  year =          {2012},
}

@unpublished{beckwith2016,
  author =        {Beckwith, John},
  note =          {Unpublished thesis. Joseph Wharton Research Scholars.
                   Available at
  \url{http://repository.upenn.edu/joseph_wharton_scholars/25}},
  title =         {Predicting Success in Equity Crowdfunding},
  year =          {2016},
}

@article{yuan2016,
  author =        {Yuan, Hui and Lau, Raymond YK and Xu, Wei},
  journal =       {Decision Support Systems},
  pages =         {67--76},
  publisher =     {Elsevier},
  title =         {The determinants of crowdfunding success: A semantic
                   text analytics approach},
  volume =        {91},
  year =          {2016},
}

@inproceedings{huang2015,
  author =        {Huang, Jun and Zhan, Shi},
  booktitle =     {Academy of Management Proceedings},
  number =        {1},
  organization =  {Academy of Management},
  pages =         {12050},
  title =         {With a Little Help of My (Former) Employer: Past
                   Employment and Entrepreneurs' External Financing},
  volume =        {2015},
  year =          {2015},
}
