@phdthesis{stone2014,
  title={Computational analytics for venture finance},
  author={Stone, Thomas Rory},
  year={2014},
  school={UCL (University College London)}
}

@article{ingley2007,
  title={Effective governance for start-up companies: regarding the board as a strategic resource},
  author={Ingley, Coral B and McCaffrey, Kevin},
  journal={International Journal of Business Governance and Ethics},
  volume={3},
  number={3},
  pages={308--329},
  year={2007},
  publisher={Inderscience Publishers}
}

@article{wiklund2005,
  title={Entrepreneurial orientation and small business performance: a configurational approach},
  author={Wiklund, Johan and Shepherd, Dean},
  journal={Journal of Business Venturing},
  volume={20},
  number={1},
  pages={71--91},
  year={2005},
  publisher={Elsevier}
}

@article{strobl2009,
  title={An introduction to recursive partitioning: rationale, application, and characteristics of classification and regression trees, bagging, and random forests.},
  author={Strobl, Carolin and Malley, James and Tutz, Gerhard},
  journal={Psychological Methods},
  volume={14},
  number={4},
  pages={323},
  year={2009},
  publisher={American Psychological Association}
}

@article{stuart1999,
  title={Interorganizational endorsements and the performance of entrepreneurial ventures},
  author={Stuart, Toby E and Hoang, Ha and Hybels, Ralph C},
  journal={Administrative Science Quarterly},
  volume={44},
  number={2},
  pages={315--349},
  year={1999},
  publisher={SAGE Publications}
}

@book{kuhn2013,
  title={Applied predictive modeling},
  author={Kuhn, Max and Johnson, Kjell},
  year={2013},
  publisher={Springer}
}

@article{petkova2013,
  title={No news is bad news: Sensegiving activities, media attention, and venture capital funding of new technology organizations},
  author={Petkova, Antoaneta P and Rindova, Violina P and Gupta, Anil K},
  journal={Organization Science},
  volume={24},
  number={3},
  pages={865--888},
  year={2013},
  publisher={INFORMS}
}

@misc{kawamoto1997,
  title={Amazon.com IPO skyrockets},
  author={Kawamoto, Dawn},
  publisher={CNET},
  year={1997},
  month={05},
  howpublished={\url{http://www.cnet.com/au/news/amazon-com-ipo-skyrockets/}},
  note    = {Online; accessed 07 Nov 2016}
}

@misc{buhr2016,
  title={Uber takes its most significant investment yet at \$3.5 billion from Saudi Arabia},
  author={Buhr, Sarah},
  publisher={TechCrunch},
  year={2016},
  month={06},
  howpublished={\url{https://techcrunch.com/2016/06/01/uber-takes-its-most-significant-investment-yet-at-3-5-billion-from-saudi-arabia/}},
  note    = {Online; accessed 07 Nov 2016}
}

@inproceedings{hongjiu2007,
  title={Financial characteristics and prediction on targets of M\&A based on SOM-Hopfield neural network},
  author={Hongjiu, Liu and Huimin, Chen and Yanrong, Hu},
  booktitle={2007 IEEE International Conference on Industrial Engineering and Engineering Management},
  pages={80--84},
  year={2007},
  organization={IEEE}
}

@inproceedings{spiegel2013,
  title={Going it all alone in web entrepreneurship?: a comparison of single founders vs. co-founders},
  author={Spiegel, Olav and Abbassi, Puja and Schlagwein, Daniel and Fischbach, Kai},
  booktitle={Proceedings of the 2013 Annual Conference on Computers and People Research},
  pages={21--32},
  year={2013},
  organization={ACM}
}

@inproceedings{shi2014,
  title={Towards a better measure of business proximity: topic modeling for analyzing M As},
  author={Shi, Zhan and Lee, Gene Moo and Whinston, Andrew B},
  booktitle={Proceedings of the 15th ACM Conference on Economics and Computation},
  pages={565--565},
  year={2014},
  organization={ACM}
}

@inproceedings{yuxian2013,
  title={Investors Are Social Animals: Predicting Investor Behaviour using Social Network Features via Supervised Learning Approach},
  author={Yuxian, Eugene Liang, and Yuan, Soe-Tsyr Daphne},
  booktitle={International Workshop On Mining And Learning With Graphs},
  year={2013}
}

@article{scikitlearn,
  title={Scikit-learn: Machine learning in Python},
  author={Pedregosa, Fabian},
  journal={Journal of Machine Learning Research},
  year={2011}
}

@article{hansen1989,
  title={Determinants of firm performance: The relative importance of economic and organizational factors},
  author={Hansen, Gary S and Wernerfelt, Birger},
  journal={Strategic Management Journal},
  volume={10},
  number={5},
  pages={399--411},
  year={1989},
  publisher={Wiley Online Library}
}

@misc{lifecycle2009,
  author  = {{Wikimedia Commons}},
  title   = {Diagram of the typical financing cycle for a startup company},
  year    = {2009},
  month   = {03},
  howpublished = {\url{"https://commons.wikimedia.org/wiki/File:Startup_financing_cycle.svg"}},
  note    = {Online; accessed 07 Nov 2016},
}

@article{helmers2011,
  title={Does patenting help high-tech start-ups?},
  author={Helmers, Christian and Rogers, Mark},
  journal={Research Policy},
  volume={40},
  number={7},
  pages={1016--1027},
  year={2011},
  publisher={Elsevier}
}

@article{hochberg2007,
  title={Whom you know matters: Venture capital networks and investment performance},
  author={Hochberg, Yael V and Ljungqvist, Alexander and Lu, Yang},
  journal={The Journal of Finance},
  volume={62},
  number={1},
  pages={251--301},
  year={2007},
  publisher={Wiley Online Library}
}

@article{puschmann2013,
  title={The politics of Twitter data},
  author={Puschmann, Cornelius and Burgess, Jean},
  year={2013},
  publisher={HIIG Discussion Paper Series}
}

@article{schultz2016,
  title={Preliminary Patent Searches: New and Improved Tools for Mining the Sea of Information},
  author={Schultz, Lisa A},
  journal={Colo. Law.},
  volume={45},
  pages={55},
  year={2016},
  publisher={HeinOnline}
}

@article{artemchik2015,
  title={PrivCo},
  author={Artemchik, Terri},
  journal={Journal of Business \& Finance Librarianship},
  volume={20},
  number={3},
  pages={224--229},
  year={2015},
  publisher={Taylor \& Francis}
}

@article{rumelhart1988,
  title={Learning representations by back-propagating errors},
  author={Rumelhart, David E and Hinton, Geoffrey E and Williams, Ronald J},
  journal={Cognitive Modeling},
  volume={5},
  number={3},
  pages={1},
  year={1988}
}

@misc{tweney2015,
  author =        {Tweney, Dylan},
  editor =        {{Venturebeat.com}},
  howpublished =
  {\url{http://venturebeat.com/2015/04/30/what-it-takes-to-be-a-tech-entrepreneur-in-2015/}},
  month =         {04},
  note =          {Online; accessed 18 05 2015},
  title =         {What it takes to be a tech entrepreneur in 2015},
  year =          {2015},
}

@article{croce2013,
  author =        {Croce, Annalisa and Marti, Jose and Murtinu, Samuele},
  journal =       {Journal of Business Venturing},
  number =        {4},
  pages =         {489--510},
  publisher =     {Elsevier},
  title =         {The impact of venture capital on the productivity
                   growth of European entrepreneurial firms: 'Screening'
                   or 'value added' effect?},
  volume =        {28},
  year =          {2013},
}

@article{baum2004,
  author =        {Baum, Joel AC and Silverman, Brian S},
  journal =       {Journal of Business Venturing},
  number =        {3},
  pages =         {411--436},
  publisher =     {Elsevier},
  title =         {Picking winners or building them? Alliance,
                   intellectual, and human capital as selection criteria
                   in venture financing and performance of biotechnology
                   startups},
  volume =        {19},
  year =          {2004},
}

@article{shane2002,
  author =        {Shane, Scott and Cable, Daniel},
  journal =       {Management Science},
  number =        {3},
  pages =         {364--381},
  publisher =     {Informs},
  title =         {Network ties, reputation, and the financing of new
                   ventures},
  volume =        {48},
  year =          {2002},
}

@misc{patil2015,
  author =        {Patil, Amruta},
  editor =        {{Crunchbase.com}},
  howpublished =
  {\url{https://info.crunchbase.com/2015/01/crunchbases-venture-program-members-are-making-startup-data-better-than-ever/}},
  month =         {01},
  note =          {Online; accessed 18 05 2015},
  title =         {CrunchBase's Venture Program Members Are Making
                   Startup Data Better Than Ever},
  year =          {2015},
}

@article{hall2010,
  author =        {Hall, Robert E and Woodward, Susan E},
  journal =       {The American Economic Review},
  number =        {3},
  pages =         {1163--1194},
  publisher =     {American Economic Association},
  title =         {The burden of the nondiversifiable risk of
                   entrepreneurship},
  volume =        {100},
  year =          {2010},
}

@misc{sahlman2010,
  author =        {Sahlman, William},
  publisher =        {{Harvard Business School}},
  number =        {811-036},
  pages =         {1--37},
  title =         {Risk and reward in venture capital},
  year =          {2010},
}

@article{fried2006,
  author =        {Fried, Jesse M and Ganor, Mira},
  journal =       {New York University Law Review},
  pages =         {967},
  publisher =     {HeinOnline},
  title =         {Agency costs of venture capitalist control in
                   startups},
  volume =        {81},
  year =          {2006},
}

@article{wies2015,
  author =        {Wies, Simone and Moorman, Christine},
  journal =       {Journal of Marketing Research},
  number =        {5},
  pages =         {694--709},
  publisher =     {American Marketing Association},
  title =         {Going public: how stock market listing changes firm
                   innovation behavior},
  volume =        {52},
  year =          {2015},
}

@misc{nvca2016,
  author =        {{National Venture Capital Association}},
  howpublished =  {\url{http://www.nvca.org/?ddownload=2963}},
  month =         {03},
  note =          {Online; accessed 06 Nov 2016},
  publisher =     {Thomson Reuters},
  title =         {2016 National Venture Capital Association Yearbook},
  year =          {2016},
}

@misc{mcnamara2011,
  author =        {McNamara, Paul},
  editor =        {{Network World}},
  howpublished =
  {\url{http://www.networkworld.com/article/2228727/data-center/data-center-if-you-had-bought-100-shares-of-microsoft-25-years-ago.html}},
  month =         {03},
  note =          {Online; accessed 06 Nov 2016},
  title =         {If you had bought 100 shares of Microsoft 25 years
                   ago ...},
  year =          {2011},
}

@misc{raice2012,
  author =        {Raice, Shayndi and Das, Anupreeta and Letzing, John},
  editor =        {The Wall Street Journal},
  howpublished =
  {\url{http://www.wsj.com/articles/SB10001424052702303448404577409923406193162}},
  month =         {05},
  note =          {Online; accessed 06 Nov 2016},
  title =         {Facebook prices IPO at record value},
  year =          {2012},
}

@article{ahlers2015,
  author =        {Ahlers, Gerrit KC and Cumming, Douglas and
                   Gunther, Christina and Schweizer, Denis},
  journal =       {Entrepreneurship Theory and Practice},
  number =        {4},
  pages =         {955--980},
  publisher =     {Wiley Online Library},
  title =         {Signaling in equity crowdfunding},
  volume =        {39},
  year =          {2015},
}

@article{conti2013,
  author =        {Conti, Annamaria and Thursby, Marie and
                   Rothaermel, Frank T},
  journal =       {Journal of Economics \& Management Strategy},
  number =        {2},
  pages =         {341--364},
  publisher =     {Wiley Online Library},
  title =         {Show Me the Right Stuff: Signals for High-Tech
                   Startups},
  volume =        {22},
  year =          {2013},
}

@article{gimmon2010,
  author =        {Gimmon, Eli and Levie, Jonathan},
  journal =       {Research Policy},
  number =        {9},
  pages =         {1214--1226},
  publisher =     {Elsevier},
  title =         {Founder's human capital, external investment, and the
                   survival of new high-technology ventures},
  volume =        {39},
  year =          {2010},
}

@article{dixon2014,
  author =        {Dixon, Matthew and Chong, Jike},
  journal =       {AI Communications},
  number =        {2},
  pages =         {173--188},
  publisher =     {IOS Press},
  title =         {A Bayesian approach to ranking private companies
                   based on predictive indicators},
  volume =        {27},
  year =          {2014},
}

@article{hoenen2014,
  author =        {Hoenen, Sebastian and Kolympiris, Christos and
                   Schoenmakers, Wilfred and Kalaitzandonakes, Nicholas},
  journal =       {Research Policy},
  number =        {6},
  pages =         {956--989},
  publisher =     {Elsevier},
  title =         {The diminishing signaling value of patents between
                   early rounds of venture capital financing},
  volume =        {43},
  year =          {2014},
}

@inproceedings{yu2015,
  author =        {Yu, Y and Perotti, V},
  booktitle =     {Proceedings of 21st Americas Conference on
                   Information Systems},
  title =         {Startup Tribes: Social Network Ties that Support
                   Success in New Firms},
  year =          {2015},
}

@inproceedings{an2015,
  author =        {An, Jungkook and Jung, Woojin and Kim, Hee-Woong},
  booktitle =     {PACIS 2015 Proceedings},
  publisher =     {AIS Electronic Library},
  title =         {A Green Flag over Mobile Industry Start-Ups: Human
                   Capital and Past Investors as Investment Signals},
  year =          {2015},
}

@article{werth2013,
  author =        {Werth, Jochen Christian and Boeert, Patrick},
  journal =       {International Journal of Entrepreneurial Venturing},
  number =        {3},
  pages =         {240--256},
  publisher =     {Inderscience Publishers},
  title =         {Co-investment networks of business angels and the
                   performance of their start-up investments},
  volume =        {5},
  year =          {2013},
}

@article{croce2016,
  author =        {Croce, Annalisa and Guerini, Massimiliano and
                   Ughetto, Elisa},
  journal =       {Journal of Small Business Management},
  publisher =     {Wiley Online Library},
  title =         {Angel Financing and the Performance of High-Tech
                   Start-Ups},
  year =          {2016},
}

@unpublished{shan2014,
  author =        {Shan, Zifei and Cao, Haowen and Lin, Qianying},
  note =          {Unpublished thesis. Stanford University. Available at
  \url{http://www.zifeishan.org/files/capital-crunch.pdf}},
  title =         {Capital Crunch: Predicting Investments in Tech
                   Companies},
  year =          {2014},
}

@inproceedings{cheng2016,
  author =        {Cheng, Miao and Sriramulu, Anand and
                   Muralidhar, Sudarshan and Loo, Boon Thau and
                   Huang, Laura and Loh, Po-Ling},
  booktitle =     {Proceedings of the Third International Workshop on
                   Exploratory Search in Databases and the Web},
  organization =  {ACM},
  pages =         {25--30},
  title =         {Collection, exploration and analysis of crowdfunding
                   social networks},
  year =          {2016},
}

@inproceedings{caruana2008,
  author =        {Caruana, Rich and Karampatziakis, Nikos and
                   Yessenalina, Ainur},
  booktitle =     {Proceedings of the 25th International Conference on
                   Machine learning},
  organization =  {ACM},
  pages =         {96--103},
  title =         {An empirical evaluation of supervised learning in
                   high dimensions},
  year =          {2008},
}

@unpublished{beckwith2016,
  author =        {Beckwith, John},
  note =          {Unpublished thesis. Joseph Wharton Research Scholars.
                   Available at
  \url{http://repository.upenn.edu/joseph_wharton_scholars/25}},
  title =         {Predicting Success in Equity Crowdfunding},
  year =          {2016},
}

@article{yuan2016,
  author =        {Yuan, Hui and Lau, Raymond YK and Xu, Wei},
  journal =       {Decision Support Systems},
  pages =         {67--76},
  publisher =     {Elsevier},
  title =         {The determinants of crowdfunding success: A semantic
                   text analytics approach},
  volume =        {91},
  year =          {2016},
}

@article{mcmullen2013,
  author =        {McMullen, Jeffery S and Dimov, Dimo},
  journal =       {Journal of Management Studies},
  number =        {8},
  pages =         {1481--1512},
  publisher =     {Wiley Online Library},
  title =         {Time and the entrepreneurial journey: The problems
                   and promise of studying entrepreneurship as a
                   process},
  volume =        {50},
  year =          {2013},
}

@inproceedings{hsu2008,
  author =        {Hsu, David H and Ziedonis, Rosemarie H},
  booktitle =     {Academy of Management Proceedings},
  number =        {1},
  organization =  {Academy of Management},
  pages =         {1--6},
  title =         {Patents As Quality Signals For Entrepreneurial
                   Ventures.},
  volume =        {2008},
  year =          {2008},
}

@inproceedings{wei2008,
  author =        {Wei, Chih-Ping and Jiang, Yu-Syun and
                   Yang, Chin-Sheng},
  booktitle =     {Workshop on E-Business},
  organization =  {Springer},
  pages =         {187--200},
  title =         {Patent analysis for supporting merger and acquisition
                   (M\&A) prediction: A data mining approach},
  year =          {2008},
}

@article{wang2016,
  author =        {Wang, Zhiyuan and Zhou, Yun and Tang, Jie and
                   Luo, Jar-Der},
  journal =       {IEEE Transactions on Knowledge and Data Engineering},
  number =        {2},
  pages =         {537--550},
  publisher =     {IEEE},
  title =         {The Prediction of Venture Capital Co-Investment Based
                   on Structural Balance Theory},
  volume =        {28},
  year =          {2016},
}

@article{timmons1986,
  author =        {Timmons, Jeffry A and Bygrave, William D},
  journal =       {Journal of Business Venturing},
  number =        {2},
  pages =         {161--176},
  publisher =     {Elsevier},
  title =         {Venture capital's role in financing innovation for
                   economic growth},
  volume =        {1},
  year =          {1986},
}

@misc{blank2010,
  author =        {Blank, Steve},
  howpublished =
  {\url{https://steveblank.com/2010/01/25/whats-a-startup-first-principles/}},
  note =          {Online; accessed 06 Nov 2016},
  title =         {What's a startup? First principles},
  year =          {2010},
}

@article{pena2002,
  author =        {Pena, Inaki},
  journal =       {Journal of Intellectual Capital},
  number =        {2},
  pages =         {180--198},
  publisher =     {MCB UP Ltd},
  title =         {Intellectual capital and business start-up success},
  volume =        {3},
  year =          {2002},
}

@article{shane2000,
  author =        {Shane, Scott and Venkataraman, Sankaran},
  journal =       {Academy of Management Review},
  number =        {1},
  pages =         {217--226},
  publisher =     {Academy of Management},
  title =         {The promise of entrepreneurship as a field of
                   research},
  volume =        {25},
  year =          {2000},
}

@article{zacharakis2000,
  author =        {Zacharakis, Andrew L and Meyer, G Dale},
  journal =       {Journal of Business Venturing},
  number =        {4},
  pages =         {323--346},
  publisher =     {Elsevier},
  title =         {The potential of actuarial decision models: can they
                   improve the venture capital investment decision?},
  volume =        {15},
  year =          {2000},
}

@article{gedajlovic2013,
  author =        {Gedajlovic, Eric and Honig, Benson and Moore, Curt B and
                   Payne, G Tyge and Wright, Mike},
  journal =       {Entrepreneurship Theory and Practice},
  number =        {3},
  pages =         {455--478},
  publisher =     {Wiley Online Library},
  title =         {Social capital and entrepreneurship: A schema and
                   research agenda},
  volume =        {37},
  year =          {2013},
}

@article{greve2003,
  author =        {Greve, Arent and Salaff, Janet W},
  journal =       {Entrepreneurship Theory and Practice},
  number =        {1},
  pages =         {1--22},
  publisher =     {Wiley Online Library},
  title =         {Social networks and entrepreneurship},
  volume =        {28},
  year =          {2003},
}

@article{raz2007,
  author =        {Raz, Ornit and Gloor, Peter A},
  journal =       {Management Science},
  number =        {2},
  pages =         {169--177},
  publisher =     {INFORMS},
  title =         {Size really matters-new insights for start-ups'
                   survival},
  volume =        {53},
  year =          {2007},
}

@article{song2012,
  author =        {Song, Yang and Vinig, Tsvi},
  journal =       {International Journal of Organisational Design and
                   Engineering},
  number =        {2},
  pages =         {189--203},
  publisher =     {Inderscience},
  title =         {Entrepreneur online social networks--structure,
                   diversity and impact on start-up survival},
  volume =        {2},
  year =          {2012},
}

@article{gloor2013,
  author =        {Gloor, Peter A and Dorsaz, Pierre and Fuehres, Hauke and
                   Vogel, Manfred},
  journal =       {International Journal of Organisational Design and
                   Engineering},
  number =        {1},
  pages =         {67--85},
  publisher =     {Inderscience},
  title =         {Choosing the right friends--predicting success of
                   startup entrepreneurs and innovators through their
                   online social network structure},
  volume =        {3},
  year =          {2013},
}

@article{stam2008,
  author =        {Stam, Wouter and Elfring, Tom},
  journal =       {Academy of Management Journal},
  number =        {1},
  pages =         {97--111},
  publisher =     {Academy of Management},
  title =         {Entrepreneurial orientation and new venture
                   performance: The moderating role of intra-and
                   extraindustry social capital},
  volume =        {51},
  year =          {2008},
}

@phdthesis{formsma2012,
  author =        {Formsma, Okke},
  school =        {University of Amsterdam},
  title =         {Entrepreneurs' online social networks: Structure
                   and characteristics},
  year =          {2012},
}

@article{wagner2010,
  author =        {Wagner, Stefan and Cockburn, Iain},
  journal =       {Research Policy},
  number =        {2},
  pages =         {214--228},
  publisher =     {Elsevier},
  title =         {Patents and the survival of Internet-related IPOs},
  volume =        {39},
  year =          {2010},
}

@article{gans2003,
  author =        {Gans, Joshua S and Stern, Scott},
  journal =       {Research policy},
  number =        {2},
  pages =         {333--350},
  publisher =     {Elsevier},
  title =         {The product market and the market for ``ideas'':
                   commercialization strategies for technology
                   entrepreneurs},
  volume =        {32},
  year =          {2003},
}

@misc{arrington2008,
  author =        {Arrington, Michael},
  editor =        {TechCrunch},
  howpublished =
  {\url{http://techcrunch.com/2008/08/05/the-highly-controversial-younoodle-startup-predictor-is-coming/}},
  month =         {August},
  note =          {Online; accessed 18 05 2015},
  title =         {The (Highly Controversial) YouNoodle Startup
                   Valuation Predictor Is Coming},
  year =          {2008},
}

@misc{geron2013,
  author =        {Geron, Tomio},
  editor =        {Forbes.com},
  howpublished =
  {\url{http://www.forbes.com/sites/tomiogeron/2013/05/08/real-time-venture-capital-investing-chi-hua-chiens-data-based-approach/}},
  month =         {05},
  note =          {Online; accessed 18 05 2015},
  title =         {Real-time venture capital investing: Chi-Hua Chien's
                   Data-Based Approach},
  year =          {2013},
}

@article{barney1991,
  author =        {Barney, Jay},
  journal =       {Journal of management},
  number =        {1},
  pages =         {99--120},
  publisher =     {Sage Publications},
  title =         {Firm resources and sustained competitive advantage},
  volume =        {17},
  year =          {1991},
}

@article{connelly2011,
  author =        {Connelly, Brian L and Certo, S Trevis and
                   Ireland, R Duane and Reutzel, Christopher R},
  journal =       {Journal of Management},
  number =        {1},
  pages =         {39--67},
  publisher =     {SAGE Publications},
  title =         {Signaling theory: A review and assessment},
  volume =        {37},
  year =          {2011},
}

@article{alexy2012,
  author =        {Alexy, Oliver T and Block, Joern H and
                   Sandner, Philipp and Ter Wal, Anne LJ},
  journal =       {Small Business Economics},
  number =        {4},
  pages =         {835--851},
  publisher =     {Springer},
  title =         {Social capital of venture capitalists and start-up
                   funding},
  volume =        {39},
  year =          {2012},
}

@inproceedings{zhao2015,
  author =        {Zhao, Xiaoxue and Zhang, Weinan and Wang, Jun},
  booktitle =     {Proceedings of the 9th ACM Conference on Recommender
                   Systems},
  organization =  {ACM},
  pages =         {75--82},
  title =         {Risk-Hedged Venture Capital Investment
                   Recommendation},
  year =          {2015},
}

@misc{crunchbase2014,
  howpublished =  {\url{https://info.crunchbase.com/about/faqs/}},
  institution =   {CrunchBase, AOL Inc.},
  note =          {Online; accessed 15 November 2015},
  title =         {CrunchBase Frequently Asked Questions},
  year =          {2014},
}

@unpublished{britz2013,
  author =        {Britz, Denny and Mai, Caiyao and Xu, Chuan},
  note =          {Unpublished thesis. Stanford University. Available at
  {\url{http://snap.stanford.edu/class/cs224w-2013/projects2013/cs224w-007-final.pdf}}},
  title =         {Quantifying community growth in dynamic social
                   networks},
  year =          {2013},
}

@misc{trachtenberg2015,
  author =        {Trachtenberg, Adam},
  editor =        {Linkedin.com},
  howpublished =
  {\url{https://developer.linkedin.com/blog/posts/2015/developer-program-changes}},
  month =         {02},
  note =          {Online; accessed 18 05 2015},
  title =         {Changes to our Developer Program},
  year =          {2015},
}

@book{mitchell1997,
  address =       {New York},
  author =        {Mitchell, Tom M.},
  publisher =     {McGraw-Hill},
  title =         {Machine Learning},
  year =          {1997},
}

@inproceedings{niculescu2005,
  author =        {Niculescu-Mizil, Alexandru and Caruana, Rich},
  booktitle =     {Proceedings of the 22nd international conference on
                   Machine learning},
  organization =  {ACM},
  pages =         {625--632},
  title =         {Predicting good probabilities with supervised
                   learning},
  year =          {2005},
}

@inproceedings{rish2001,
  author =        {Rish, Irina},
  booktitle =     {IJCAI 2001 workshop on empirical methods in
                   artificial intelligence},
  number =        {22},
  organization =  {IBM New York},
  pages =         {41--46},
  title =         {An empirical study of the naive Bayes classifier},
  volume =        {3},
  year =          {2001},
}

@book{friedman2001,
  address =       {Berlin},
  author =        {Friedman, Jerome and Hastie, Trevor and
                   Tibshirani, Robert},
  publisher =     {Springer},
  title =         {The elements of statistical learning},
  volume =        {1},
  year =          {2001},
}

@incollection{bhat2011,
  address =       {Berlin},
  author =        {Bhat, H.S. and Zaelit, D.},
  booktitle =     {Advances in Knowledge Discovery and Data Mining},
  editor =        {Huang, J. and Cao, L. and Srivastava, J.},
  pages =         {399--410},
  publisher =     {Springer},
  series =        {Lecture Notes in Computer Science},
  title =         {Predicting private company exits using qualitative
                   data},
  volume =        {6634},
  year =          {2011},
}

@inproceedings{huang2015,
  author =        {Huang, Jun and Zhan, Shi},
  booktitle =     {Academy of Management Proceedings},
  number =        {1},
  organization =  {Academy of Management},
  pages =         {12050},
  title =         {With a Little Help of My (Former) Employer: Past
                   Employment and Entrepreneurs' External Financing},
  volume =        {2015},
  year =          {2015},
}

@article{cover1967,
  author =        {Cover, Thomas and Hart, Peter},
  journal =       {IEEE transactions on information theory},
  number =        {1},
  pages =         {21--27},
  publisher =     {IEEE},
  title =         {Nearest neighbor pattern classification},
  volume =        {13},
  year =          {1967},
}

@article{kotsiantis2007,
  author =        {Kotsiantis, SB},
  journal =       {Informatica},
  number =        {3},
  title =         {Supervised Machine Learning: A Review of
                   Classification Techniques},
  volume =        {31},
  year =          {2007},
}

@article{ahn2008,
  author =        {Ahn, Hyunchul and Kim, Kyoung-jae},
  journal =       {Annals of Operations Research},
  number =        {1},
  pages =         {5--18},
  publisher =     {Springer},
  title =         {Using genetic algorithms to optimize nearest
                   neighbors for data mining},
  volume =        {163},
  year =          {2008},
}

@article{mingers1989,
  author =        {Mingers, John},
  journal =       {Machine learning},
  number =        {4},
  pages =         {319--342},
  publisher =     {Springer},
  title =         {An empirical comparison of selection measures for
                   decision-tree induction},
  volume =        {3},
  year =          {1989},
}

@inproceedings{caruana2006,
  author =        {Caruana, Rich and Niculescu-Mizil, Alexandru},
  booktitle =     {Proceedings of the 23rd International Conference on
                   Machine Learning},
  organization =  {ACM},
  pages =         {161--168},
  title =         {An empirical comparison of supervised learning
                   algorithms},
  year =          {2006},
}

@article{liang2016,
  author =        {Liang, Yuxian Eugene and Yuan, Soe-Tsyr Daphne},
  journal =       {Internet Research},
  number =        {1},
  pages =         {74--100},
  publisher =     {Emerald Group Publishing},
  title =         {Predicting investor funding behavior using crunchbase
                   social network features},
  volume =        {26},
  year =          {2016},
}

@article{breiman2001,
  author =        {Breiman, Leo},
  journal =       {Machine learning},
  number =        {1},
  pages =         {5--32},
  publisher =     {Springer},
  title =         {Random forests},
  volume =        {45},
  year =          {2001},
}

@article{shin2005,
  author =        {Shin, Kyung-Shik and Lee, Taik Soo and
                   Kim, Hyun-jung},
  journal =       {Expert Systems with Applications},
  number =        {1},
  pages =         {127--135},
  publisher =     {Elsevier},
  title =         {An application of support vector machines in
                   bankruptcy prediction model},
  volume =        {28},
  year =          {2005},
}

@inproceedings{xiang2012,
  author =        {Xiang, Guang and Zheng, Zeyu and Wen, Miaomiao and
                   Hong, Jason I and Rose, Carolyn Penstein and
                   Liu, Chao},
  booktitle =     {Proceedings of the Sixth International AAAI
                   Conference on Weblogs and Social Media},
  organization =  {AAAI},
  title =         {A Supervised Approach to Predict Company Acquisition
                   with Factual and Topic Features Using Profiles and
                   News Articles on TechCrunch.},
  year =          {2012},
}

